<?xml version="1.0" encoding="UTF-8"?><collection xmlns="http://www.loc.gov/MARC21/slim"><record><leader>00394nam--2200133-i-4500</leader><controlfield tag="001">000006787</controlfield><controlfield tag="002">20161230</controlfield><controlfield tag="005">20161230201027</controlfield><controlfield tag="008">060222s1000------------r-----000-0-eng-d</controlfield><datafield ind1=" " ind2=" " tag="080"><subfield code="a">016:621.039</subfield></datafield><datafield ind1=" " ind2=" " tag="245"><subfield code="a">Chromatographic separation of the lanthanide a nd actinide elements</subfield></datafield><datafield ind1=" " ind2=" " tag="260"><subfield code="a">Vienna, Intern.Atomic Energy Agency, 1964. 117 P</subfield></datafield><datafield ind1=" " ind2=" " tag="490"><subfield code="a">Bibliographical Series.No.11</subfield></datafield><datafield ind1=" " ind2=" " tag="852"><subfield code="a">D.1032</subfield></datafield></record></collection>